
@book{oetiker_not_2018,
	title = {The {Not} {So} {Short} {Introduction} to {LATEX} 2ε},
	language = {en},
	author = {Oetiker, Tobias and Partl, Hubert and Hyna, Irene and Schlegl, Elisabeth},
	month = mar,
	year = {2018}
}

@book{loomis_advanced_1990,
	address = {Boston},
	edition = {Rev. ed},
	title = {Advanced calculus},
	isbn = {978-0-86720-122-2},
	language = {en},
	publisher = {Jones and Bartlett Publishers},
	author = {Loomis, Lynn H. and Sternberg, Shlomo},
	year = {1990},
	keywords = {Calculus}
}

@book{rogers_diffusions_2000,
	title = {Diffusions, {Markov} {Processes}, and {Martingales}: {Ito} {Calculus}},
	volume = {2},
	isbn = {978-0-521-77594-6 978-1-107-59012-0},
	language = {en},
	author = {Rogers, L. C. G. and Williams, David},
	month = apr,
	year = {2000},
	doi = {10.1017/CBO9781107590120}
}

@book{rogers_diffusions_2000-1,
	title = {Diffusions, {Markov} {Processes} and {Martingales}: {Foundations}},
	volume = {1},
	isbn = {978-0-521-77593-9 978-0-511-80514-1},
	language = {en},
	author = {Rogers, L. C. G. and Williams, David},
	month = sep,
	year = {2000},
	doi = {10.1017/CBO9780511805141}
}

@book{billingsley_probability_2012,
	title = {Probability and {Measure}, {Anniversary} {Edition}},
	isbn = {978-1-118-12237-2},
	language = {en-us},
	publisher = {Wiley},
	author = {Billingsley, Patrick},
	month = feb,
	year = {2012}
}

@article{lamport_how_2012,
	title = {How to write a 21st century proof},
	volume = {11},
	issn = {1661-7738, 1661-7746},
	doi = {10.1007/s11784-012-0071-6},
	language = {en},
	number = {1},
	journal = {Journal of Fixed Point Theory and Applications},
	author = {Lamport, Leslie},
	month = mar,
	year = {2012},
	pages = {43--63}
}

@book{sternberg_lie_2004,
	title = {Lie {Algebras}},
	language = {en-us},
	author = {Sternberg, Shlomo},
	month = apr,
	year = {2004}
}

@article{stroustrup_caenorhabditis_2013,
	title = {The {Caenorhabditis} elegans {Lifespan} {Machine}},
	volume = {10},
	copyright = {2013 Nature Publishing Group, a division of Macmillan Publishers Limited. All Rights Reserved.},
	issn = {1548-7105},
	doi = {10.1038/nmeth.2475},
	language = {en},
	number = {7},
	journal = {Nature Methods},
	author = {Stroustrup, Nicholas and Ulmschneider, Bryne E. and Nash, Zachary M. and López-Moyado, Isaac F. and Apfeld, Javier and Fontana, Walter},
	month = jul,
	year = {2013},
	publisher = {Nature Publishing Group},
	pages = {665--670}
}

@article{bansal_uncoupling_2015,
	title = {Uncoupling lifespan and healthspan in {Caenorhabditis} elegans longevity mutants},
	volume = {112},
	issn = {1091-6490},
	doi = {10.1073/pnas.1412192112},
	language = {eng},
	number = {3},
	journal = {Proceedings of the National Academy of Sciences of the United States of America},
	author = {Bansal, Ankita and Zhu, Lihua J. and Yen, Kelvin and Tissenbaum, Heidi A.},
	month = jan,
	year = {2015},
	pmid = {25561524},
	pmcid = {PMC4311797},
	keywords = {Animals, Caenorhabditis elegans, functional capacity, gerospan, healthspan, healthy aging, lifespan, Longevity, Movement, Mutation},
	pages = {E277--286}
}

@article{johnson_increased_1990,
	title = {Increased life-span of age-1 mutants in {Caenorhabditis} elegans and lower {Gompertz} rate of aging},
	volume = {249},
	copyright = {© 1990},
	issn = {0036-8075, 1095-9203},
	doi = {10.1126/science.2392681},
	language = {en},
	number = {4971},
	journal = {Science},
	author = {Johnson, T. E.},
	month = aug,
	year = {1990},
	pmid = {2392681},
	publisher = {American Association for the Advancement of Science},
	pages = {908--912}
}

@article{stroustrup_temporal_2016,
	title = {The temporal scaling of {Caenorhabditis} elegans ageing},
	volume = {530},
	copyright = {2015 Nature Publishing Group, a division of Macmillan Publishers Limited. All Rights Reserved.},
	issn = {1476-4687},
	doi = {10.1038/nature16550},
	language = {en},
	number = {7588},
	journal = {Nature},
	author = {Stroustrup, Nicholas and Anthony, Winston E. and Nash, Zachary M. and Gowda, Vivek and Gomez, Adam and López-Moyado, Isaac F. and Apfeld, Javier and Fontana, Walter},
	month = feb,
	year = {2016},
	publisher = {Nature Publishing Group},
	pages = {103--107}
}

@article{tarkhov_universal_2019,
	title = {A universal transcriptomic signature of age reveals the temporal scaling of {Caenorhabditis} elegans aging trajectories},
	volume = {9},
	copyright = {2019 The Author(s)},
	issn = {2045-2322},
	doi = {10.1038/s41598-019-43075-z},
	language = {en},
	number = {1},
	journal = {Scientific Reports},
	author = {Tarkhov, Andrei E. and Alla, Ramani and Ayyadevara, Srinivas and Pyatnitskiy, Mikhail and Menshikov, Leonid I. and Shmookler Reis, Robert J. and Fedichev, Peter O.},
	month = may,
	year = {2019},
	publisher = {Nature Publishing Group},
	pages = {1--18}
}

@article{matsuda_species-specific_2019,
	title = {Species-specific oscillation periods of human and mouse segmentation clocks are due to cell autonomous differences in biochemical reaction parameters},
	copyright = {© 2019, Posted by Cold Spring Harbor Laboratory. This pre-print is available under a Creative Commons License (Attribution 4.0 International), CC BY 4.0, as described at http://creativecommons.org/licenses/by/4.0/},
	doi = {10.1101/650648},
	language = {en},
	journal = {bioRxiv},
	author = {Matsuda, Mitsuhiro and Hayashi, Hanako and Garcia-Ojalvo, Jordi and Yoshioka-Kobayashi, Kumiko and Kageyama, Ryoichiro and Yamanaka, Yoshihiro and Ikeya, Makoto and Toguchida, Junya and Alev, Cantas and Ebisuya, Miki},
	month = may,
	year = {2019},
	publisher = {Cold Spring Harbor Laboratory},
	pages = {650--648}
}

@article{dufresne_integral_2001,
	title = {The {Integral} of {Geometric} {Brownian} {Motion}},
	volume = {33},
	issn = {0001-8678},
	number = {1},
	journal = {Advances in Applied Probability},
	author = {Dufresne, Daniel},
	year = {2001},
	publisher = {Applied Probability Trust},
	pages = {223--241}
}

@article{schroder_integral_2003,
	title = {On the {Integral} of {Geometric} {Brownian} {Motion}},
	volume = {35},
	issn = {0001-8678},
	number = {1},
	journal = {Advances in Applied Probability},
	author = {Schröder, Michael},
	year = {2003},
	publisher = {Applied Probability Trust},
	pages = {159--183}
}

@article{carr_bessel_2004,
	title = {Bessel {Processes}, the {Integral} of {Geometric} {Brownian} {Motion}, and {Asian} {Options}},
	volume = {48},
	issn = {0040-585X},
	doi = {10.1137/S0040585X97980543},
	number = {3},
	journal = {Theory of Probability \& Its Applications},
	author = {Carr, P. and Schröder, M.},
	month = jan,
	year = {2004},
	publisher = {Society for Industrial and Applied Mathematics},
	pages = {400--425}
}

@article{metzler_laplace_2013,
	title = {{THE} {LAPLACE} {TRANSFORM} {OF} {HITTING} {TIMES} {OF} {INTEGRATED} {GEOMETRIC} {BROWNIAN} {MOTION}},
	volume = {50},
	issn = {0021-9002},
	number = {1},
	journal = {Journal of Applied Probability},
	author = {METZLER, ADAM},
	year = {2013},
	publisher = {Applied Probability Trust},
	pages = {295--299}
}

@article{levy_moments_2018,
	title = {On the moments of the integrated geometric {Brownian} motion},
	volume = {342},
	issn = {0377-0427},
	doi = {10.1016/j.cam.2018.04.005},
	language = {en},
	journal = {Journal of Computational and Applied Mathematics},
	author = {Levy, Edmond},
	month = nov,
	year = {2018},
	keywords = {Divided differences, Geometric Brownian, Moments, Putzer algorithm},
	pages = {263--273}
}

@inproceedings{engelbert_behaviour_1981,
	address = {Berlin, Heidelberg},
	series = {Lecture {Notes} in {Control} and {Information} {Sciences}},
	title = {On the behaviour of certain functionals of the wiener process and applications to stochastic differential equations},
	isbn = {978-3-540-38564-6},
	doi = {10.1007/BFb0006406},
	language = {en},
	booktitle = {Stochastic {Differential} {Systems}},
	publisher = {Springer},
	author = {Engelbert, H. J. and Schmidt, W.},
	editor = {Arató, M. and Vermes, D. and Balakrishnan, A. V.},
	year = {1981},
	pages = {47--55}
}

@book{feynman_quantum_2010,
	address = {Mineola, N.Y},
	edition = {Emended Editon ed. edition},
	title = {Quantum {Mechanics} and {Path} {Integrals}: {Emended} {Edition}},
	isbn = {978-0-486-47722-0},
	shorttitle = {Quantum {Mechanics} and {Path} {Integrals}},
	language = {English},
	publisher = {Dover Publications},
	author = {Feynman, Richard P. and Hibbs, Albert R. and Styer, Daniel F.},
	month = jul,
	year = {2010}
}

@article{caravelli_moments_2016,
	title = {On moments of the integrated exponential {Brownian} motion},
	volume = {131},
	issn = {2190-5444},
	doi = {10.1140/epjp/i2016-16245-9},
	language = {en},
	number = {7},
	journal = {The European Physical Journal Plus},
	author = {Caravelli, Francesco and Mansour, Toufik and Sindoni, Lorenzo and Severini, Simone},
	month = jul,
	year = {2016},
	pages = {245}
}

@article{yor_exponential_1992,
	title = {On {Some} {Exponential} {Functionals} of {Brownian} {Motion}},
	volume = {24},
	issn = {0001-8678},
	doi = {10.2307/1427477},
	number = {3},
	journal = {Advances in Applied Probability},
	author = {Yor, Marc},
	year = {1992},
	publisher = {Applied Probability Trust},
	pages = {509--531}
}

@article{matsumoto_exponential_2005,
	title = {Exponential functionals of {Brownian} motion, {I}: {Probability} laws at fixed time},
	volume = {2},
	issn = {1549-5787},
	shorttitle = {Exponential functionals of {Brownian} motion, {I}},
	doi = {10.1214/154957805100000159},
	language = {EN},
	journal = {Probability Surveys},
	author = {Matsumoto, Hiroyuki and Yor, Marc},
	year = {2005},
	mrnumber = {MR2203675},
	zmnumber = {1189.60150},
	publisher = {The Institute of Mathematical Statistics and the Bernoulli Society},
	keywords = {Bessel process, Brownian motion, Hartman-Watson distributions, Lamperti’s relation},
	pages = {312--347}
}

@article{matsumoto_exponential_2005-1,
	title = {Exponential functionals of {Brownian} motion, {II}: {Some} related diffusion processes},
	volume = {2},
	issn = {1549-5787},
	shorttitle = {Exponential functionals of {Brownian} motion, {II}},
	doi = {10.1214/154957805100000168},
	language = {EN},
	journal = {Probability Surveys},
	author = {Matsumoto, Hiroyuki and Yor, Marc},
	year = {2005},
	mrnumber = {MR2203676},
	zmnumber = {1189.91232},
	publisher = {The Institute of Mathematical Statistics and the Bernoulli Society},
	keywords = {Brownian motion, heat kernel, hyperbolic space, Lévy’s theorem, Pitman’s theorem, random environment},
	pages = {348--384}
}
